@book{jm3,
    author = {Daniel Jurafsky and James H. Martin},
    title = {{Speech and Language Processing: An Introduction to Natural Language Processing, Computational Linguistics, and Speech Recognition with Language Models}},
    year = {2024},
    howpublished = {\url{https://web.stanford.edu/~jurafsky/slp3/}},
    note = {Online manuscript released August 20, 2024; \url{https://web.stanford.edu/~jurafsky/slp3/}},
    edition = {3rd},
}
